@misc{MaxSAT14,
	author = {{17th International Conference on Theory and Applications of Satisfiability Testing}} ,
	title = {{Ninth Max-SAT Evaluation}} ,
	year = 2014 ,
	url = {http://www.maxsat.udl.cat/14/index.html} ,
	url-date = {2014-07-08}
}

@misc{LabIA15,
	author = {{Marcelo Finger}} ,
	title = {{Satisfiability and SAT and MaxSAT Solver}} ,
	year = 2015 ,
	url = {http://paca.ime.usp.br/pluginfile.php/71326/mod_resource/content/1/SAT-MaxSAT.pdf} ,
	url-date = {2015-03-04}
}

@misc{ConferenceRules14,
  author = {{17th International Conference on Theory and Applications of Satisfiability Testing}},
  title = {{Ninth Max-SAT Evaluation}},
  year = 2014,
  url = {http://www.maxsat.udl.cat/14/rules/index.html},
  urldate = {2014-07-08}
}

@misc{ToySAT14,
  author = {{Masahiro Sakai}},
  title = {{Toysolver}},
  year = 2014,
  url = {https://github.com/msakai/toysolver},
  urldate = {2015-03-08}
}

@book{Satisfiability09,
	author = {{Victor W. Marek}} ,
	title = {{Introduction to Mathematics of Satisfiability}} ,
	year = {2009}
}
